@misc{plugdj,
title="Plug.dj",
howpublished = "\url{http://plug.dj}"
year=2012
}

@article{ChenNotation,
 author = {Chen, Peter Pin-Shan},
 title = {The entity-relationship model\-toward a unified view of data},
 journal = {ACM Trans. Database Syst.},
 issue_date = {March 1976},
 volume = {1},
 number = {1},
 month = mar,
 year = {1976},
 issn = {0362-5915},
 pages = {9--36},
 numpages = {28},
 url = {http://doi.acm.org/10.1145/320434.320440},
 doi = {10.1145/320434.320440},
 acmid = {320440},
 publisher = {ACM},
 address = {New York, NY, USA},
 keywords = {Data Base Task Group, data definition and manipulation, data integrity and consistency, data models, database design, entity set model, entity-relationship model, logigcal view of data, network model, relational model, semantics of data},
} 
